@article{Czembor2011,
	Author = {Czembor, C. A. and Morris, W. K. and Wintle, B. A. and Vesk, P. A. },
	Journal = {Journal of Applied Ecology},
	Pages = {736--745},
	Title = {Quantifying variance components in ecological models based on expert opinion},
	Volume = {48},
	Year = {2011}
}
@article{Moore2012,
	year = 2012,
	volume = {26},
	pages = {810--820},
	author = {Joslin L. Moore and Michael C. Runge},
	title = {Combining Structured Decision Making and Value-of-Information Analyses to Identify Robust Management Strategies},
	journal = {Conservation Biology}
}
@article{Runge2011a,
	Author = {Runge, M. C. and Converse, S. J. and Lyons, J. E. },
	Journal = {Biological Conservation},
	Pages = {1214--1223},
	Title = {Which uncertainty? Using expert elicitation and expected value of information to design an adaptive program},
	Volume = {144},
	Year = {2011}
}
@article{Czembor2009,
	Author = {Czembor, C. A. and Vesk, P. A. },
	Journal = {Forest Ecology and Management},
	Pages = {165--175},
	Title = {Incorporating between-expert uncertainty into state-and-transition simulation models for forest restoration},
	Volume = {259},
	Year = {2009}
}
@article{Pigott2009,
	Author = {{Pigott}, {J. P. } and Gammack, J. and Pigott, D. and Hobbs, V. },
	Journal = {Vine},
	Pages = {159--173},
	Title = {{Practical application of a knowledge development life cycle: adaptive experimental management in Box-Ironbark forests of Victoria}},
	Volume = {39},
	Year = {2009}
}
@article{Pigott2010,
	Author = {{Pigott}, {J. P. } and Palmer, G. P. and Yen, A. L. and Tolsma, A. D. and Brown, G. W. and Gibson, M. S. and Wright, J. R. },
	Journal = {Proceedings of the Royal Society of Victoria},
	Pages = {112--123},
	Title = {{Establishment of the Box-Ironbark ecological thinning trial in north central Victoria}},
	Volume = {122},
	Year = {2010}
}
@book{Raiffa1961,
	Address = {New York},
	Author = {Raiffa, H. and Schlaifer, R. },
	Publisher = {John Wiley \& Sons Inc. },
	Title = {Applied statistical decision theory},
	Year = {1961}
}
@article{Yokota2004a,
 Author = {Yokota, F. and Thompson, K. M. },
 Journal = {Medical Decision Making},
 Pages = {287--298},
 Title = {Value of information analysis: a review of applications in health risk management},
 Volume = {24},
 Year = {2004}
}
@techreport{ECC2001,
 Author = {{Environment Conservation Council}},
 Year = {2001},
 Title = {Box-Ironbark forests and woodlands investigation: final report},
 Institution = {Environment Conservation Council},
 Address = {East Melbourne, Victoria}
}
@techreport{Cunningham2009,
 Author = {Cunningham, S. C. and Baker, P. J. and Horner, G. J. },
 Year = {2009},
 Title = {{Proposed ecological thinning trials for River Red Gum forests of the Middle Murray River Floodplain in Victoria}},
 Institution = {Australian Centre for Biodiversity, School of Biological Sciences, Monash University},
 Address = {Clayton, Victoria}
}
@book{Tzaros2005,
 Author = {Tzaros, C. },
 Title = {{Wildlife of the Box Ironbark Country}},
 Publisher = {CSIRO publishing},
 Year = {2005}
}
@techreport{Menkhorst1999,
 Author = {Menkhorst, P. and Schedvin, N. and Geering, D. },
 Year = {1999},
 Title = {{Regent Honeyeater recovery plan 1999--2003}},
 Institution = {Parks, Flora and Fauna Division, Department of Natural Resources and Environment},
 Address = {East Melbourne, Victoria}
}
@manual{ESSA2007,
 Author = {{ESSA Technologies Ltd. }},
 Year = {2007},
 Title = {{Vegetation Dynamics Development Tool User Guide, Version 6. 0}},
 Address = {Vancouver, British Columbia}
}
@article{Friedman1991,
 Author = {Friedman, J. H. },
 Journal = {The Annals of Statistics},
 Pages = {1--67},
 Title = {Multivariate adaptive regression splines},
 Volume = {19},
 Year = {1991}
}
@book{Milborrow2013,
 Author = {S. {Milborrow. Derived from mda:mars by T. Hastie and R. Tibshirani. }},
 Note = {\url{http://www. milbo. users. sonic. net/earth}},
 Publisher = {R Software Package},
 Title = {earth: Multivariate Adaptive Regression Spline Models},
 Year = {2013} 
}
@Manual{R2017,
 title = {R: A Language and Environment for Statistical Computing},
 Author = {{R Core Team}},
 organization = {R Foundation for Statistical Computing},
 address = {Vienna, Austria},
 year = {2017},
 url = {https://www. R-project. org/},
}
@article{Williams2011,
 Author = {Williams, B. K. and Eaton, M. J. and Breininger, D. R. },
 Journal = {Ecological Modelling},
 Pages = {3429--3436},
 Title = {Adaptive resource management and the value of information},
 Volume = {222},
 Year = {2012}
}
@article{Ades2004,
 Author = {Ades, A. E. and Lu, G. and Claxton, K. },
 Journal = {Medical Decision Making},
 Pages = {202--227},
 Title = {Expected value of sample information calculations in medical decision making},
 Volume = {24},
 Year = {2004}
}
@article{Runting2013,
 Author = {Runting, R. K. and Wilson, K. A. and Rhodes, J. A. },
 Journal = {Global Change Biology},
 Pages = {352--363},
 Title = {Does more mean less? {T}he value of information for conservation planning under sea level rise},
 Volume = {19},
 Year = {2013}
}
@article{Polasky2001,
 Author = {Polasky, S. and Solow, A. R. },
 Journal = {Biodiversity and Conservation},
 Pages = {1051--1058},
 Title = {The value of information in reserve site selection},
 Volume = {10},
 Year = {2001}
}
@article{Moore2011,
	year = 2011,
	volume = {17},
	pages = {1047--1059},
	author = {Joslin L. Moore and Michael C. Runge and Bruce L. Webber and John R. U. Wilson},
	title = {Contain or eradicate? Optimizing the management goal for {A}ustralian {A}cacia invasions in the face of uncertainty},
	journal = {Diversity and Distributions}
}
@article{Dakins1999,
 Author = {Dakins, M. E. },
 Journal = {Human and Ecological Risk Assessment},
 Pages = {281--289},
 Title = {The value of the value of information},
 Volume = {5},
 Year = {1999}
}
@article{Claxton2008,
 Author = {Claxton, K. },
 Journal = {Pharmacoeconomics},
 Pages = {781--798},
 Title = {Exploring uncertainty in cost-effectiveness analysis},
 Volume = {9},
 Year = {2008}
}
@article{Mcdonaldmadden2010,
 Author = {McDonald-Madden, E. and Baxter, P. W. J. and Fuller, R. A. and Martin, T. G. and Game, E. T. and Montambault, J. and Possingham, H. P. },
 Journal = {Trends in Ecology \& Evolution},
 Title={Monitoring does not always count},
 Pages = {547--550},
 Volume = {25},
 Year = {2010}
}
@article{Johnson2014a,
 Author = {Johnson, F. A. and Jensen, G. H. and Madsen, J. and Williams, B. K. },
 Journal = {Ecological Modelling},
 Pages = {186--199},
 Title = {Uncertainty, robustness, and the value of information in managing an expanding Arctic goose population},
 Volume = {273},
 Year = {2014}
}
@article{Wu2013,
 Author = {Wu, B and Zheng, Y}, 
 Journal = {Environmental Monitoring and Assessment},
 Pages = {3023--3035},
 Title = {Assessing the value of information for water quality management: a watershed perspective from China},
 Volume={185},
 Year={2013}
}
@book{Morgan1990,
 Address = {Cambridge},
 Author = {Morgan, M. G. and Henrion, M. },
 Publisher = {Cambridge University Press}, 
 Title = {Uncertainty: a guide to dealing with uncertainty in quantitative risk and policy analysis},
 Year = {1990}
}
@article{Maxwell2015,
 title={How much is new information worth? Evaluating the financial benefit of resolving management uncertainty},
 author={Maxwell, Sean L. and Rhodes, Jonathan R. and Runge, Michael C. and Possingham, Hugh P. and Ng, Chooi Fei and McDonald-Madden, Eve},
 journal={Journal of Applied Ecology},
 volume={52},
 pages={12--20},
 year={2015}
}
@article{Canessa2015,
	year = 2015,
	volume = {6},
	pages = {1219--1228},
	author = {Stefano Canessa and Gurutzeta Guillera-Arroita and Jos{\'{e}} J. Lahoz-Monfort and Darren M. Southwell and Doug P. Armstrong and Iadine Chad{\`{e}}s and Robert C. Lacy and Sarah J. Converse},
	title = {When do we need more data? A primer on calculating the value of information for applied ecologists},
	journal = {Methods in Ecology and Evolution}
}
@article{Kangas2010,
 title={Value of forest information},
 author={Kangas, Annika Susanna},
 journal={European Journal of Forest Research},
 volume={129},
 pages={863--874},
 year={2010},
}
@article{Roessiger2016,
 title={Variability in growth of trees in uneven-aged stands displays the need for optimizing diversified harvest diameters},
 author={Roessiger, Joerg and Ficko, Andrej and Clasen, Christian and Griess, Verena C and Knoke, Thomas},
 journal={European Journal of Forest Research},
 volume={135},
 pages={283--295},
 year={2016}
}
@article{Keisler2014,
 title={Value of information analysis: the state of application},
 author={Keisler, Jeffrey M and Collier, Zachary A and Chu, Eric and Sinatra, Nina and Linkov, Igor},
 journal={Environment Systems and Decisions},
 volume={34},
 pages={3--23},
 year={2014}
}
@article{Bates2015,
 title={Balancing research and funding using value of information and portfolio tools for nanomaterial risk classification},
 author={Bates, Matthew E and Keisler, Jeffrey M and Zussblatt, Niels P and Plourde, Kenton J and Wender, Ben A and Linkov, Igor},
 journal={Nature nanotechnology},
 year={2015},
 pages={198--203},
 volume={11}
}
@article{Bates2014,
 title={The value of information for managing contaminated sediments},
 author={Bates, Matthew E and Sparrevik, Magnus and De Lichy, Nicolas and Linkov, Igor},
 journal={Environmental science \& technology},
 volume={48},
 pages={9478--9485},
 year={2014}
}
@article{Jones2015,
  title={Empirically validating a dense woody regrowth ‘problem’and thinning ‘solution’for understory vegetation},
  author={Jones, Christopher S and Duncan, David H and Rumpff, Libby and Thomas, Freya M and Morris, William K and Vesk, Peter A},
  journal={Forest Ecology and Management},
  volume={340},
  pages={153--162},
  year={2015}
}
@article{Horner2010,
  title={Forest structure, habitat and carbon benefits from thinning floodplain forests: managing early stand density makes a difference},
  author={Horner, Gillis J and Baker, Patrick J and Mac Nally, Ralph and Cunningham, Shaun C and Thomson, James R and Hamilton, Fiona},
  journal={Forest ecology and management},
  volume={259},
  pages={286--293},
  year={2010}
}
