@article{Czembor2011,
	Author = {Czembor, C.A. and Morris, W.K. and Wintle, B.A. and Vesk, P.A.},
	Journal = {Journal of Applied Ecology},
	Pages = {736--745},
	Title = {Quantifying variance components in ecological models based on expert opinion},
	Volume = {48},
	Year = {2011}
}

@article{Moore2012,
	Author = {Moore, J.L. and Runge, M.C.},
	Journal = {Conservation Biology},
	Pages = {810--820},
	Title = {Combining structured decision making and value-of-information analyses to identify robust management strategies},
	Volume = {26},
	Year = {2012}
}

@article{Runge2011,
	Author = {Runge, M.C. and Converse, S.J. and Lyons, J.E.},
	Journal = {Biological Conservation},
	Pages = {1214--1223},
	Title = {Which uncertainty? Using expert elicitation and expected value of information to design an adaptive program},
	Volume = {144},
	Year = {2011}
}

@article{Czembor2009,
	Author = {Czembor, C.A. and Vesk, P.A.},
	Journal = {Forest Ecology and Management},
	Pages = {165--175},
	Title = {Incorporating between-expert uncertainty into state-and-transition simulation models for forest restoration},
	Volume = {259},
	Year = {2009}
}

@article{Pigott2009,
	Author = {{Pigott}, {J.P.} and Gammack, J. and Pigott, D. and Hobbs, V.},
	Journal = {Vine},
	Pages = {159--173},
	Title = {{Practical application of a knowledge development life cycle: adaptive experimental management in Box-Ironbark forests of Victoria}},
	Volume = {39},
	Year = {2009}
}

@article{Pigott2010,
	Author = {{Pigott}, {J.P.} and Palmer, G.P. and Yen, A.L. and Tolsma, A.D. and Brown, G.W. and Gibson, M.S. and Wright, J.R.},
	Journal = {Proceedings of the Royal Society of Victoria},
	Pages = {112--123},
	Title = {{Establishment of the Box-Ironbark ecological thinning trial in north central Victoria}},
	Volume = {122},
	Year = {2010}
}

@book{Raiffa1968,
	Address = {New York},
	Author = {Raiffa, H. and Schlaifer, R.},
	Publisher = {John Wiley \& Sons Inc.},
	Title = {Applied statistical decision theory},
	Year = {1968}
}

@article{Yokota2004,
  Author = {Yokota, F. and Thompson, K.M.},
  Journal = {Medical Decision Making},
  Pages = {287--298},
  Title = {Value of information analysis: a review of applications in health risk management},
  Volume = {24},
  Year = {2004}
}

@techreport{ECC2001,
  Author = {{Environment Conservation Council}},
  Year = {2001},
  Title = {Box-Ironbark forests and woodlands investigation: final report},
  Institution = {Environment Conservation Council},
  Address = {East Melbourne, Victoria}
}

@techreport{Cunningham2009,
  Author = {Cunningham, S.C. and Baker, P.J. and Horner, G.J.},
  Year = {2009},
  Title = {{Proposed ecological thinning trials for River Red Gum forests of the Middle Murray River Floodplain in Victoria}},
  Institution = {Australian Centre for Biodiversity, School of Biological Sciences, Monash University},
  Address = {Clayton, Victoria}
}

@book{Tzaros2005,
  Author = {Tzaros, C.},
  Title = {{Wildlife of the Box Ironbark Country}},
  Publisher = {CSIRO publishing},
  Year = {2005}
}

@techreport{Menkhorst1999,
  Author = {Menkhorst, P. and Schedvin, N. and Geering, D.},
  Year = {1999},
  Title = {{Regent Honeyeater recovery plan 1999--2003}},
  Institution = {Parks, Flora and Fauna Division, Department of Natural Resources and Environment},
  Address = {East Melbourne, Victoria}
}

@manual{ESSA2007,
  Author = {{ESSA Technologies Ltd.}},
  Year = {2007},
  Title = {{Vegetation Dynamics Development Tool User Guide, Version 6.0}},
  Address = {Vancouver, British Columbia}
}

@article{Friedman1991,
  Author = {Friedman, J.H.},
  Journal = {The Annals of Statistics},
  Pages = {1--67},
  Title = {Multivariate adaptive regression splines},
  Volume = {19},
  Year = {1991}
}

@book{Milborrow2013,
  Author = {S. {Milborrow. Derived from mda:mars by T. Hastie and R. Tibshirani.}},
  Note = {\url{http://www.milbo.users.sonic.net/earth}},
  Publisher = {R Software Package},
  Title = {earth: Multivariate Adaptive Regression Spline Models},
  Year = {2013}  
}

@Manual{R2015,
  title = {R: A Language and Environment for Statistical Computing},
  Author = {{R Core Team}},
  organization = {R Foundation for Statistical Computing},
  address = {Vienna, Austria},
  year = {2015},
  url = {https://www.R-project.org/},
}


@article{Jack2009,
  Author = {Jack, B.K. and Kelsey and Leimona, B. and Ferraro, P.J.},
  Journal = {Conservation Biology},
  Pages = {359--367},
  Title = {A revealed preference approach to estimating supply curves for ecosystem services: use of auctions to set payments for soil erosion control in {I}ndonesia},
  Volume = {23},
  Year = {2009}
}

@article{Reeson2011,
  Author = {Reeson, A.F. and Rodriguez, L.C. and Whitten, S.M. and Williams, K. and Nolles, K. and Windle, J. and Rolfe, J.},
  Journal = {Ecological Economics},
  Pages = {1621--1627},
  Title = {Adapting auctions for the provision of ecosystem services at the landscape scale},
  Volume = {70},
  Year = {2011}
}

@article{Quillerou2010,
  Author = {Quill{\'e}rou, E. and Fraser, R.},
  Journal = {Journal of Agricultural Economics},
  Pages = {369--380},
  Title = {Adverse selection in the {Environmental Stewardship Scheme}: does the higher level stewardship scheme design reduce adverse selection?},
  Volume = {61},
  Year = {2010}
}

@article{Roberts2012,
  Author = {Roberts, A.M. and Pannell, D.J. and Doole, G. and Vigiak, O.},
  Journal = {Agricultural Systems},
  Pages = {11--22},
  Title = {{Agricultural land management strategies to reduce phosphorus loads in the Gippsland Lakes, Australia}},
  Volume = {106},
  Year = {2012}
}

@inproceedings{Rolfe2006,
  Author = {Rolfe, J. and Windle, J. and Reeson, A. and Whitten, S.},
  Title = {Assessing the incentives needed to improve riparian management in grazing systems: comparing experimental auctions and choice modelling approaches},
  Booktitle = {50th Annual Conference of the Australian Agricultural and Resource Economics},
  Pages = {1--20},
  Month = {February},
  Year = {2006},
  Organization = {Australian Agricultural and Resource Economics Society}
}

@article{Stoneham2003,
  Author = {Stoneham, Gary and Chaudhri, Vivek and Ha, Arthur and Strappazzon, Loris},
  Journal = {Australian Journal of Agricultural and Resource Economics},
  Pages = {477--500},
  Title = {{Auctions for conservation contracts: an empirical examination of Victoria's BushTender trial}},
  Volume = {47},
  Year = {2003}
}

@article{Pannell2010,
  Author = {Pannell, D.J. and Roberts, A.M.},
  Journal = {Australian Journal of Agricultural and Resource Economics},
  Pages = {437--456},
  Title = {{Australia's National Action Plan for Salinity and Water Quality: a retrospective assessment}},
  Volume = {56},
  Year = {2010}
}

@techreport{Whitten2007,
  Author = {Whitten, S. and Reeson, A. and Windle, J. and Rolfe, J.},
  Year = {2007},
  Title = {Barriers to and opportunities for increasing participation in conservation auctions},
  Institution = {CSIRO Sustainable Ecosystems},
  Address = {Canberra, ACT}
}

@article{Schapaugh2012,
  Author = {Schapaugh, A.W. and Tyre, A.J.},
  Journal = {Biological Conservation},
  Pages = {178--186},
  Title = {Bayesian networks and the quest for reserve adequacy},
  Volume = {152},
  Year = {2012}
}

@article{Lennox2013a,
  Author = {Lennox, G.D. and Gaston, K.J. and Acs, S. and Dallimer, M. and Hanley, N. and Armsworth, P.R.},
  Journal = {Ecological Economics},
  Pages = {69--78},
  Title = {Conservation when landowners have bargaining power: continuous conservation investments and cost uncertainty},
  Volume = {93},
  Year = {2013}
}

@article{Claassen2008,
  Author = {Claassen, R. and Cattaneo, A. and Johansson, R.},
  Journal = {Ecological Economics},
  Pages = {737--752},
  Title = {{Cost-effective design of agri-environmental payment programs: U.S. experience in theory and practice}},
  Volume = {65},
  Year = {2008}
}

@article{Hermoso2013,
  Author = {Hermoso, V. and Kennard, M.J. and Linke, S.},
  Journal = {PLOS One},
  Pages = {e59662},
  Title = {Data acquisition for conservation assessments: is the effort worth it?},
  Volume = {8},
  Year = {2013}
}

@article{Attwood2009,
  Author = {Attwood, S.J. and Park, S.E. and Maron, M. and Collard, S.J. and Robinson, D. and Reardon-Smith, K.M. and Cockfield, G.},
  Journal = {Biological Conservation},
  Pages = {1981--1991},
  Title = {{Declining birds in Australian agricultural landscapes may benefit from aspects of the European agri-environment model}},
  Volume = {142},
  Year = {2009}
}

@article{Connor2008,
  Author = {Connor, J.D. and Ward, J.R. and Bryan, B.},
  Journal = {Australian Journal of Agricultural and Resource Economics},
  Pages = {303--319},
  Title = {Exploring the cost effectiveness of land conservation auctions and payment policies},
  Volume = {51},
  Year = {2008}
}

@article{Hanley2012,
  Author = {Hanley, N. and Banerjee, S. and Lennox, G.D. and Armsworth, P.R.},
  Journal = {Oxford Review of Economic Policy},
  Pages = {93--113},
  Title = {{How should we incentivize private landowners to 'produce' more biodiversity?}},
  Volume = {23},
  Year = {2012}
}

@article{Sanchirico2010,
  Author = {Sanchirico, J.N. and Springborn, M.},
  Journal = {Environmental and Resource Economics},
  Pages = {243--267},
  Title = {How to get there from here: ecological and economic dynamics of ecosystem service provision},
  Volume = {48},
  Year = {2010}
}

@article{Pannell2012,
  Author = {Pannell, D.J. and Roberts, A.M. and Park, G. and Alexander, J. and Curatolo, A. and Marsh, S.P.},
  Journal = {Land Use Policy},
  Pages = {377--387},
  Title = {Integrated assessment of public investment in land-use change to protect environmental assets in {A}ustralia},
  Volume = {29},
  Year = {2012}
}

@article{Joseph2009,
  Author = {Joseph, L.N. and Maloney, R.F. and Possingham, H.P.},
  Journal = {Conservation Biology},
  Pages = {328--338},
  Title = {Optimal allocation of resources among threatened species: a project prioritization protocol},
  Volume = {23},
  Year = {2009}
}

@article{Gibbons2011,
  Author = {Gibbons, J.M. and Nicholson, E. and Milner-Gulland, E.J. and Jones, J.P.G.},
  Journal = {Journal of Applied Ecology},
  Pages = {1218--1226},
  Title = {Should payments for biodiversity conservation be based on action or results?},
  Volume = {48},
  Year = {2011}
}

@article{Babcock1997,
  Author = {Babcock, B.A. and Lakshminarayan, P.G. and Wu, J. and Zilberman, D.},
  Journal = {Land Economics},
  Pages = {325--339},
  Title = {Targeting tools for the purchase of environmental amenities},
  Volume = {73},
  Year = {1997}
}

@article{Lennox2013b,
  Author = {Lennox, G.D. and Armsworth, P.R.},
  Journal = {Conservation Biology},
  Pages = {625--634},
  Title = {The ability of landowners and their cooperatives to leverage payments greater than opportunity costs from conservation contracts},
  Volume = {27},
  Year = {2013}
}

@article{McDonaldMadden2008,
  Author = {{{McDonald}{-}{Madden}}, {Eve} and Bode, M. and Game, E.T. and Grantham, H. and Possingham, H.P.},
  Journal = {Ecology Letters},
  Pages = {1169--1177},
  Title = {The need for speed: informed land acquisitions for conservation in a dynamic property market},
  Volume = {11},
  Year = {2008}
}

@article{Mccarthy2001,
  Author = {McCarthy, M.A. and Possingham, H.P. and Gill, A.M.},
  Journal = {Journal of Applied Ecology},
  Pages = {585--592},
  Title = {Using stochastic dynamic programming to determine optimal fire management for \textit{{B}anksia ornata}},
  Volume = {38},
  Year = {2001}
}

@article{Baxter2011,
  Author = {Baxter, P.J. and Possingham, H.P.},
  Journal = {Journal of Applied Ecology},
  Pages = {86--95},
  Title = {Optimizing search strategies for invasive pests: learn before you leap},
  Volume = {48},
  Year = {2011}
}

@article{Waldron2013,
  Author = {Waldron, A. and Mooers, A.O. and Miller, D.C. and Nibbelink, N. and Redding, D. and Kuhn, T.S. and Roberts, J.T. and Gittleman, J.L.},
  Journal = {Proceedings of the National Academy of Sciences},
  Pages = {1--5},
  Title = {Targeting global conservation funding to limit immediate biodiversity declines},
  Volume = {XX},
  Year = {2013}
}

@article{Tilman1994,
  Author = {Tilman, D. and May, R.M. and Lehman, C.L. and Nowak, M.A.},
  Journal = {Nature},
  Pages = {65--66},
  Title = {Habitat destruction and the extinction debt},
  Volume = {371},
  Year = {1994},
}

@article{Gibbons2007,
  Author = {Gibbons, P and Lindenmayer, D.B.},
  Journal = {Ecological Management \& Restoration},
  Pages = {26--31},
  Title = {Offsets for land clearing: no net loss or the tail wagging the dog?},
  Volume = {8},
  Year = {2007}
}

@article{Grice2006,
  Author = {Grice, A.C.},
  Journal = {The Rangeland Journal},
  Pages = {27--35},
  Title = {The impacts of invasive plant species on the biodiversity of {A}ustralian rangelands},
  Volume = {28},
  Year = {2006}
}

@article{Short1994,
  Author = {Short, J. and Smith, A.},
  Journal = {Journal of Mammalogy},
  Pages = {288--297},
  Title = {Mammal decline and recovery in {A}ustralia},
  Volume = {75},
  Year = {1994}
}

@article{Catford2011,
  Author = {Catford, J.A. and Downes, B.J. and Gippel, C.J. and Vesk, P.A.},
  Journal = {Journal of Applied Ecology},
  Pages = {432--442},
  Title = {Flow regulation reduces native plant cover and facilitates exotic invasion in riparian wetlands},
  Volume = {48},
  year = {2011}
}

@article{Kutt2007,
  Author = {Kutt, A.S. and Woinarski, J.C.Z.},
  journal = {Journal of Tropical Ecology},
  Pages = {95--106},
  Title = {The effects of grazing and fire on vegetation and the vertebrate assemblage in a tropical savanna woodland in north-eastern {A}ustralia},
  Volume = {23},
  Year = {2007}
}  

@article{Hoekstra2005,
  Author = {Hoekstra, J.M. and Boucher, T.M. and Ricketts, T.H. and Roberts, C.},
  Journal = {Ecology Letters},
  Pages = {23--29},
  Title = {Confronting a biome crisis: global disparities of habitat loss and protection},
  Volume = {8},  
  Year = {2005}
}  

@article{Kabii2006,
  Author = {Kabii, T. and Horwitz, P.},
  Journal = {Environmental Conservation},
  Pages = {11--20},
  Title = {A review of landholder motivations and determinants for participation in conservation covenanting programmes},
  Volume = {33},
  Year = {2006}
}  

@article{Curtis2003,
  Author = {Curtis, A. and Robertson, A.},
  Journal = {Ecological Management \& Restoration},
  Pages = {45--54},
  Title = {Understanding landholder management of river frontages: the {Goulburn Broken}},
  Volume = {4},
  Year = {2003}
}  

@article{Hobbs1993,
  Author = {Hobbs, R.J.},
  Journal = {Pacific Conservation Biology},
  Pages = {29},
  Title = {Can revegetation assist in the conservation of biodiversity in agricultural areas?},
  Volume = {1},
  Year = {1993}
} 

@article{Zavaleta2001,
  Author = {Zavaleta, E.S. and Hobbs, R.J. and Mooney, H.A.},
  Journal = {Trends in Ecology \& Evolution},
  Pages = {454--459},
  Title = {Viewing invasive species removal in a whole-ecosystem context},
  Volume = {16},
  Year = {2001}
} 

@article{Ferraro2002,
  Author = {Ferraro, P.J. and Kiss, A.},
  Journal = {Science},
  Pages = {1718--1719},
  Title = {Direct payments to conserve biodiversity},
  Volume = {298},
  Year = {2002}
}

@article{Williams2011,
  Author = {Williams, B.K. and Eaton, M.J. and Breininger, D.R.},
  Journal = {Ecological Modelling},
  Pages = {3429--3436},
  Title = {Adaptive resource management and the value of information},
  Volume = {222},
  Year = {2012}
}

@article{Ades2004,
  Author = {Ades, A.E. and Lu, G. and Claxton, K.},
  Journal = {Medical Decision Making},
  Pages = {202--227},
  Title = {Expected value of sample information calculations in medical decision making},
  Volume = {24},
  Year = {2004}
}

@article{Runting2013,
  Author = {Runting, R.K. and Wilson, K.A. and Rhodes, J.A.},
  Journal = {Global Change Biology},
  Pages = {352--363},
  Title = {Does more mean less? {T}he value of information for conservation planning under sea level rise},
  Volume = {19},
  Year = {2013}
}
  
@article{Yokomizo2014,
  Author = {Yokomizo, H. and Coutts, S.R. and Possingham, H.P.},
  Journal = {Population Ecology},
  Pages = {41--53},
  Title = {Decision science for effective management of populations subject to stochasticity and imperfect knowledge},
  Volume = {56},
  Year = {2014}
}

@article{Felli1998,
  Author = {Felli, J.C. and Hazen, G.B.},
  Journal = {Medical Decision Making},
  Pages = {95--109},
  Title = {Sensitivity Analyses and the expected value of perfect information},
  Volume = {18},
  Year = {2014}
}

@book{Berger1985,
  Address = {New York},
	Author = {Berger, J.O.},
	Publisher = {Springer},
	Title = {Statistical decision theory and {B}ayesian analysis},
	Year = {1985}
}

@article{Polasky2001,
  Author = {Polasky, S. and Solow, A.R.},
  Journal = {Biodiversity and Conservation},
  Pages = {1051--1058},
  Title = {The value of information in reserve site selection},
  Volume = {10},
  Year = {2001}
}

@article{Moore2011,
  Author = {Moore, J.L. and Runge, M.C. and Webber, B.L. and Wilson, J.R.U.},
  Journal = {Diversity and Distributions},
  Pages = {1047--1059},
  Title = {Contain or eradicate? Optimizing the management goal for Australian acacia invasions in the face of uncertainty},
  Volume = {17},
  Year = {2011}
}

@article{Dakins1999,
  Author = {Dakins, M.E.},
  Journal = {Human and Ecological Risk Assessment},
  Pages = {281--289},
  Title = {The value of the value of information},
  Volume = {5},
  Year = {1999}
}

@article{Claxton2008,
  Author = {Claxton, K.},
  Journal = {Pharmacoeconomics},
  Pages = {781--798},
  Title = {Exploring uncertainty in cost-effectiveness analysis},
  Volume = {9},
  Year = {2008}
}

@article{Mcdonaldmadden2010,
  Author = {McDonald-Madden, E. and Baxter, P.W.J. and Fuller, R.A. and Martin, T.G. and Game, E.T. and Montambault, J. and Possingham, H.P.},
  Journal = {Trends in Ecology \& Evolution},
  Title={Monitoring does not always count},
  Pages = {547--550},
  Volume = {25},
  Year = {2010}
}

@article{Johnson2014,
  Author = {Johnson, F.A. and Jensen, G.H. and Madsen, J. and Williams, B.K.},
  Journal = {Ecological Modelling},
  Pages = {186--199},
  Title = {Uncertainty, robustness, and the value of information in managing an expanding Arctic goose population},
  Volume = {273},
  Year = {2014}
}

@article{Wu2013,
  Author = {Wu, B and Zheng, Y}, 
  Journal = {Environmental Monitoring and Assessment},
  Pages = {3023--3035},
  Title = {Assessing the value of information for water quality management: a watershed perspective from China},
  Volume={185},
  Year={2013}
}

@book{Morgan1990,
  Address = {Cambridge},
  Author = {Morgan, M.G. and Henrion, M.},
  Publisher = {Cambridge University Press}, 
  Title = {Uncertainty: a guide to dealing with uncertainty in quantitative risk and policy analysis},
  Year = {1990}
}

@book{Nash1990,
  Address = {Bristol},
  Author = {Nash, John C.},
  Publisher = {Adam Hilger},
  Title = {Compact Numerical Methods for Computers. Linear Algebra and Function Minimisation.},
  Year = {1990}
}

@article{Morris2013,
  Title={Profiting from pilot studies: Analysing mortality using Bayesian models with informative priors},
  Author={Morris, William K. and Vesk, Peter A. and McCarthy, Michael A.},
  Journal={Basic and Applied Ecology},
  Volume={14},
  Pages={81--89},
  Year={2013}
}

@article{Morris2015,
  title={The neglected tool in the Bayesian ecologist's shed: a case study testing informative priors' effect on model accuracy},
  author={Morris, William K. and Vesk, Peter A. and McCarthy, Michael A. and Bunyavejchewin, Sarayudh and Baker, Patrick J.},
  journal={Ecology and Evolution},
  volume={5},
  number={1},
  pages={102--108},
  year={2015}
}

@article{Zio1997,
  title={Accounting for expert-to-expert variability: A potential source of bias in performance assessments of high-level radioactive waste repositories},
  author={Zio, E. and Apostolakis, G. E.},
  journal={Annals of Nuclear Energy},
  volume={24},
  number={10},
  pages={751--762},
  year={1997}
}

@article{Maxwell2015,
  title={How much is new information worth? Evaluating the financial benefit of resolving management uncertainty},
  author={Maxwell, Sean L. and Rhodes, Jonathan R. and Runge, Michael C. and Possingham, Hugh P. and Ng, Chooi Fei and McDonald-Madden, Eve},
  journal={Journal of Applied Ecology},
  volume={52},
  number={1},
  pages={12--20},
  year={2015}
}

@article{Canessa2015,
  title={When do we need more data? A primer on calculating the value of information for applied ecologists},
  author={Canessa, Stefano and Guillera-Arroita, Gurutzeta and Lahoz-Monfort, Jos{\'e} and Southwell, Darren M. and Armstrong, Doug P. and Chad{\`e}s, Iadine and Lacy, Robert C. and Converse, Sarah J.},
  journal={Methods in Ecology and Evolution},
  year={2015}
}

@article{Martin2005,
  title={The power of expert opinion in ecological models using {B}ayesian methods: impact of grazing on birds},
  author={Martin, Tara G. and Kuhnert, Petra M. and Mengersen, Kerrie and Possingham, Hugh P.},
  journal={Ecological Applications},
  volume={15},
  pages={266--280},
  year={2005}
}

@article{Mccarthy2005,
  title={Profiting from prior information in Bayesian analyses of ecological data},
  author={McCarthy, Michael A. and Masters, Pip},
  journal={Journal of Applied Ecology},
  volume={42},
  pages={1012--1019},
  year={2005}
}
